<record><leader>00000cas a2200000 a 4500</leader><controlfield tag="001">43724542</controlfield><controlfield tag="008">000328d18571uuuvtuwr ne      0    0eng c</controlfield><datafield ind1=" " ind2=" " tag="010"><subfield code="a">sn 00064142 </subfield></datafield><datafield ind1=" " ind2=" " tag="040"><subfield code="a">NVN</subfield><subfield code="b">eng</subfield><subfield code="c">NVN</subfield><subfield code="d">OCLCQ</subfield><subfield code="d">OCLCF</subfield><subfield code="d">OCLCO</subfield></datafield><datafield ind1="1" ind2=" " tag="029"><subfield code="a">AU@</subfield><subfield code="b">000021431220</subfield></datafield><datafield ind1=" " ind2=" " tag="042"><subfield code="a">pcc</subfield></datafield><datafield ind1=" " ind2=" " tag="043"><subfield code="a">n-us-vt</subfield></datafield><datafield ind1="0" ind2="4" tag="245"><subfield code="a">The Swanton journal.</subfield></datafield><datafield ind1="1" ind2="3" tag="246"><subfield code="a">Journal</subfield></datafield><datafield ind1=" " ind2=" " tag="260"><subfield code="a">Swanton Falls, Vt. :</subfield><subfield code="b">H.N. Drury</subfield></datafield><datafield ind1=" " ind2=" " tag="300"><subfield code="a">v.</subfield></datafield><datafield ind1=" " ind2=" " tag="310"><subfield code="a">Weekly</subfield></datafield><datafield ind1="0" ind2=" " tag="362"><subfield code="a">Vol. 3, no. 1 (May 15, 1857).</subfield></datafield><datafield ind1=" " ind2="0" tag="651"><subfield code="a">Swanton (Vt.)</subfield><subfield code="v">Newspapers.</subfield></datafield><datafield ind1=" " ind2="0" tag="651"><subfield code="a">Vermont</subfield><subfield code="v">Newspapers.</subfield></datafield><datafield ind1=" " ind2="7" tag="655"><subfield code="a">Newspapers.</subfield><subfield code="2">fast</subfield><subfield code="0">(OCoLC)fst01423814</subfield></datafield><datafield ind1=" " ind2="7" tag="651"><subfield code="a">Vermont.</subfield><subfield code="2">fast</subfield><subfield code="0">(OCoLC)fst01204305</subfield></datafield><datafield ind1=" " ind2="7" tag="651"><subfield code="a">Vermont</subfield><subfield code="z">Swanton.</subfield><subfield code="2">fast</subfield><subfield code="0">(OCoLC)fst01219127</subfield></datafield><datafield ind1=" " ind2=" " tag="752"><subfield code="a">United States</subfield><subfield code="b">Vermont</subfield><subfield code="c">Franklin</subfield><subfield code="d">Swanton.</subfield></datafield><datafield ind1="0" ind2="0" tag="780"><subfield code="t">American journal (Swanton, Vt.)</subfield><subfield code="w">(DLC)sn 84023261</subfield><subfield code="w">(OCoLC)10853409</subfield></datafield></record>